<record><leader>00000cas a2200000 a 4500</leader><controlfield tag="001">794121349</controlfield><controlfield tag="008">120522d19061909scuwr ne      0   a0eng  </controlfield><datafield ind1=" " ind2=" " tag="010"><subfield code="a">  2012218672</subfield></datafield><datafield ind1=" " ind2=" " tag="040"><subfield code="a">DLC</subfield><subfield code="b">eng</subfield><subfield code="c">DLC</subfield><subfield code="d">DLC</subfield><subfield code="d">OCLCF</subfield><subfield code="d">DLC</subfield></datafield><datafield ind1="0" ind2=" " tag="022"><subfield code="a">2333-1801</subfield><subfield code="2">1</subfield></datafield><datafield ind1=" " ind2=" " tag="042"><subfield code="a">msc</subfield><subfield code="a">nsdp</subfield></datafield><datafield ind1=" " ind2=" " tag="043"><subfield code="a">n-us-sc</subfield></datafield><datafield ind1="0" ind2="0" tag="050"><subfield code="a">Newspaper</subfield></datafield><datafield ind1="0" ind2="0" tag="082"><subfield code="a">071</subfield><subfield code="2">23</subfield></datafield><datafield ind1=" " ind2="4" tag="222"><subfield code="a">The sentinel-journal</subfield><subfield code="b">(Print)</subfield></datafield><datafield ind1="0" ind2="4" tag="245"><subfield code="a">The sentinel-journal.</subfield></datafield><datafield ind1="1" ind2="3" tag="246"><subfield code="a">Pickens sentinel-journal</subfield></datafield><datafield ind1=" " ind2=" " tag="260"><subfield code="a">Pickens, S.C. :</subfield><subfield code="b">The Sentinel-Journal Co.,</subfield><subfield code="c">1906-</subfield></datafield><datafield ind1=" " ind2=" " tag="300"><subfield code="a">v.</subfield></datafield><datafield ind1=" " ind2=" " tag="310"><subfield code="a">Weekly</subfield></datafield><datafield ind1="1" ind2=" " tag="362"><subfield code="a">Began with vol. 36, no. 23 (Nov. 3, 1906). Ceased with Feb. 11, 1909?</subfield></datafield><datafield ind1=" " ind2=" " tag="530"><subfield code="a">Also available on microfilm from the University of South Carolina.</subfield></datafield><datafield ind1=" " ind2=" " tag="530"><subfield code="a">Archived issues are available in digital format as part of the Library of Congress Chronicling America online collection.</subfield></datafield><datafield ind1=" " ind2=" " tag="588"><subfield code="a">Description based on: Vol. 36, no. 23 (Nov. 3, 1906).</subfield></datafield><datafield ind1=" " ind2=" " tag="588"><subfield code="a">Latest issue consulted: Vol. 38, [no. 45] Feb. 11, 1909.</subfield></datafield><datafield ind1=" " ind2="0" tag="651"><subfield code="a">Pickens (S.C.)</subfield><subfield code="v">Newspapers.</subfield></datafield><datafield ind1=" " ind2="0" tag="651"><subfield code="a">Pickens County (S.C.)</subfield><subfield code="v">Newspapers.</subfield></datafield><datafield ind1=" " ind2="7" tag="651"><subfield code="a">South Carolina</subfield><subfield code="z">Pickens.</subfield><subfield code="2">fast</subfield><subfield code="0">(OCoLC)fst01216256</subfield></datafield><datafield ind1=" " ind2="7" tag="651"><subfield code="a">South Carolina</subfield><subfield code="z">Pickens County.</subfield><subfield code="2">fast</subfield><subfield code="0">(OCoLC)fst01218290</subfield></datafield><datafield ind1=" " ind2="7" tag="655"><subfield code="a">Newspapers.</subfield><subfield code="2">fast</subfield><subfield code="0">(OCoLC)fst01423814</subfield></datafield><datafield ind1=" " ind2=" " tag="752"><subfield code="a">United States</subfield><subfield code="b">South Carolina</subfield><subfield code="c">Pickens</subfield><subfield code="d">Pickens.</subfield></datafield><datafield ind1="0" ind2="8" tag="776"><subfield code="i">Online version:</subfield><subfield code="t">Sentinel-journal (Online)</subfield><subfield code="x">2333-181X</subfield><subfield code="w">(DLC)  2014218208</subfield><subfield code="w">(OCoLC)862979472</subfield></datafield><datafield ind1="0" ind2="0" tag="780"><subfield code="t">Pickens sentinel-journal</subfield><subfield code="x">2333-2883</subfield><subfield code="w">(DLC)sn 93067659</subfield><subfield code="w">(OCoLC)27841194</subfield></datafield><datafield ind1="0" ind2="0" tag="785"><subfield code="t">Pickens sentinel-journal (1909)</subfield><subfield code="x">2333-1828</subfield><subfield code="w">(DLC)  2012218673</subfield><subfield code="w">(OCoLC)794114550</subfield></datafield><datafield ind1="4" ind2="1" tag="856"><subfield code="u">http://www.loc.gov/chroniclingamerica/lccn/2012218672/issues</subfield></datafield></record>